@URL {scikit2019,
    author = "SciKit",
    url = "https://pythonhosted.org/scikit-fuzzy/",
    year   = "2019 (accessed June 09, 2019)"
}

@inproceedings{paper,
 author = {Kazemi, Vahid and Sullivan, Josephine},
 title = {One Millisecond Face Alignment with an Ensemble of Regression Trees},
 booktitle = {Proceedings of the 2014 IEEE Conference on Computer Vision and Pattern Recognition},
 series = {CVPR '14},
 year = {2014},
 isbn = {978-1-4799-5118-5},
 pages = {1867--1874},
 numpages = {8},
 url = {https://doi.org/10.1109/CVPR.2014.241},
 doi = {10.1109/CVPR.2014.241},
 acmid = {2679766},
 publisher = {IEEE Computer Society},
 address = {Washington, DC, USA},
 keywords = {Face Alignment, Real-Time, Gradient Boosting, Decision Trees},
} 

@article{300w,
 author = {Sagonas, Christos and Antonakos, Epameinondas and Tzimiropoulos, Georgios and Zafeiriou, Stefanos and Pantic, Maja},
 title = {300 Faces In-The-Wild Challenge},
 journal = {Image Vision Comput.},
 issue_date = {March 2016},
 volume = {47},
 number = {C},
 month = mar,
 year = {2016},
 issn = {0262-8856},
 pages = {3--18},
 numpages = {16},
 url = {http://dx.doi.org/10.1016/j.imavis.2016.01.002},
 doi = {10.1016/j.imavis.2016.01.002},
 acmid = {2949200},
 publisher = {Butterworth-Heinemann},
 address = {Newton, MA, USA},
 keywords = {Challenge, Facial database, Facial landmark localization, Semi-automatic annotation tool},
} 